@article{Mackillop1989decoupling,
  title={Decouplingâ€”recoupling and oil shock},
  author={MacKillop, Andrew},
  journal={Energy Policy},
  volume={17},
  number={4},
  pages={311--322},
  year={1989},
  publisher={Elsevier}
}

@article{Warr2010energy,
  title={Energy use and economic development: A comparative analysis of useful work supply in Austria, Japan, the United Kingdom and the US during 100 years of economic growth},
  author={Warr, Benjamin and Ayres, Robert and Eisenmenger, Nina and Krausmann, Fridolin and Schandl, Heinz},
  journal={Ecological Economics},
  volume={69},
  number={10},
  pages={1904--1917},
  year={2010},
  publisher={Elsevier}
}